@article{Yang:1999:LAD:630307.630471,
 author = {Yang, Yiming and Carbonell, Jaime G. and Brown, Ralf D. and Pierce, Thomas and Archibald, Brian T. and Liu, Xin},
 title = {Learning Approaches for Detecting and Tracking News Events},
 journal = {IEEE Intelligent Systems},
 issue_date = {July 1999},
 volume = {14},
 number = {4},
 month = jul,
 year = {1999},
 issn = {1541-1672},
 pages = {32--43},
 numpages = {12},
 url = {http://dx.doi.org/10.1109/5254.784083},
 doi = {10.1109/5254.784083},
 acmid = {630471},
 publisher = {IEEE Educational Activities Department},
 address = {Piscataway, NJ, USA},
}

@TECHREPORT{Zhao02criterionfunctions,
    author = {Ying Zhao and George Karypis},
    title = {Criterion Functions for Document Clustering: Experiments and Analysis},
    institution = {},
    year = {2002}
}

@inproceedings{Arthur:2007:KAC:1283383.1283494,
 author = {Arthur, David and Vassilvitskii, Sergei},
 title = {k-means++: the advantages of careful seeding},
 booktitle = {Proceedings of the eighteenth annual ACM-SIAM symposium on Discrete algorithms},
 series = {SODA '07},
 year = {2007},
 isbn = {978-0-898716-24-5},
 location = {New Orleans, Louisiana},
 pages = {1027--1035},
 numpages = {9},
 url = {http://dl.acm.org/citation.cfm?id=1283383.1283494},
 acmid = {1283494},
 publisher = {Society for Industrial and Applied Mathematics},
 address = {Philadelphia, PA, USA},
}

